
@inproceedings{multi-module,
  author = {Денисенко, А. А.},
  title = {Организация многомодульной, слабосвязанной архитектуры приложения при работе с Gradle},
  booktitle = {Технические науки: теория и практика : материалы IV Междунар. науч. конф. (г. Казань, ноябрь 2018 г.)},
  year = {2018},
  address = {Казань},
  publisher = {Общество с ограниченной ответственностью "Издательство Молодой ученый"},
  pages = {7--10},
  url = {https://moluch.ru/conf/tech/archive/312/14585/},
  annote = {дата обращения: 01.05.2023},
}


@inbook{ios-dev,
author = {Olaoye, Abdullahi},
year = {2022},
month = {02},
pages = {1-23},
title = {Basics of iOS Application Development},
doi = {10.1007/978-1-4842-8023-2_1}
}

@misc{ktor,
title = {Ktor framework [Электронный ресурс]},
url = {https://ktor.io},
key = "Ktor"
}


@misc{mvikotlin,
    author = {Arkadii Ivanov},
    title = {MVIKotlin -- Extendable MVI framework for Kotlin Multiplatform},
    howpublished = {[Электронный ресурс]},
    url = {https://arkivanov.github.io/MVIKotlin/}
}

@misc{decompose,
    author = {Arkadii Ivanov},
    title = {Decompose -- Kotlin Multiplatform lifecycle-aware business logic components},
    howpublished = {[Электронный ресурс]},
    url = {https://arkivanov.github.io/Decompose/}
}

@article{mvikotlin-practice,
  author = {Mikhalchenkov, M.},
  title = {MVIKotlin in Practice: A Modern Architecture framework for Android and KMP},
  journal = {Medium},
  year = {2025},
  url = {https://medium.com/@mikhaltchenkov/mvikotlin-in-practice-a-modern-architecture-framework-for-android-and-kmp-ca68e58be94b}
}

@article{kmp-decompose-mvi,
    author = {Yeldar Nurpeissov},
    title = {Master Kotlin Multiplatform with Decompose and MVI},
    journal = {Medium},
    year = {2025},
    url = {https://medium.com/@yeldar.nurpeissov/master-kotlin-multiplatform-with-decompose-and-mvi-part4-e61dac75d5f9}
}

@misc{fuksa2025mvvm,
      title={MVVM Revisited: Exploring Design Variants of the Model-View-ViewModel Pattern},
      author={Mario Fuksa and Sandro Speth and Steffen Becker},
      year={2025},
      eprint={2504.18191},
      archivePrefix={arXiv},
      primaryClass={cs.SE}
}
